@article{disprity,
author = {Guillerme, Thomas},
title = {{dispRity: A modular R package for measuring disparity}},
journal = {Methods in Ecology and Evolution},
volume = {9},
number = {7},
pages = {1755-1763},
keywords = {disparity, disparity-through-time, ecology, multidimensionality, ordination, palaeobiology},
doi = {10.1111/2041-210X.13022},
url = {https://besjournals.onlinelibrary.wiley.com/doi/abs/10.1111/2041-210X.13022},
year = {2018}
}

